@article{priemOpenAlexFullyopenIndex2022,
  title = {{{OpenAlex}}: {{A}} Fully-Open Index of Scholarly Works, Authors, Venues, Institutions, and Concepts},
  author = {Priem, Jason and Piwowar, Heather and Orr, Richard},
  year = {2022},
  langid = {english},
  file = {/Users/admin/Zotero/storage/N5FEUQAD/Priem et al. - 2022 - OpenAlex A fully-open index of scholarly works, authors, venues, institutions, and concepts.pdf}
}
