@ARTICLE{5386614,
  author={Liu, Y. and Muller, S. and Xu, K.},
  journal={IBM Systems Journal}, 
  title={A static compliance-checking framework for business process models}, 
  year={2007},
  volume={46},
  number={2},
  pages={335-361},
  doi={10.1147/sj.462.0335}}

